@article{Zambon2012,
	title        = {{L-infinity algebras and higher analogues of Dirac structures and Courant algebroids}},
	author       = {Zambon, Marco},
	year         = 2010,
	month        = {mar},
	journal      = {Journal of Symplectic Geometry},
	volume       = 10,
	number       = 4,
	pages        = {563--599},
	doi          = {10.4310/JSG.2012.v10.n4.a4},
	issn         = 15275256,
	url          = {http://arxiv.org/abs/1003.1004 http://www.intlpress.com/site/pub/pages/journals/items/jsg/content/vols/0010/0004/a004/},
	archiveprefix = {arXiv},
	arxivid      = {1003.1004},
	eprint       = {1003.1004}
}
@incollection{Laurent-Gengoux2013,
	title        = {{Multi-Derivations and K{\"{a}}hler Forms}},
	author       = {Laurent-Gengoux, Camille and Pichereau, Anne and Vanhaecke, Pol},
	year         = 2013,
	booktitle    = {Poisson Structures},
	publisher    = {Springer Berlin Heidelberg},
	address      = {Berlin, Heidelberg},
	pages        = {63--89},
	doi          = {10.1007/978-3-642-31090-4_3},
	isbn         = {978-3-642-31090-4},
	url          = {https://doi.org/10.1007/978-3-642-31090-4_3},
	chapter      = 3
}
@incollection{Cattaneo2006,
	title        = {{From topological ﬁeld theory to deformation quantization and reduction}},
	author       = {Cattaneo, Alberto},
	year         = 2006,
	booktitle    = {Proceedings of the International Congress of Mathematicians Madrid, August 22–30, 2006},
	publisher    = {European Mathematical Society Publishing House},
	address      = {Zuerich, Switzerland},
	volume       = 3,
	number       = 200020,
	pages        = {339--365},
	doi          = {10.4171/022-3/18},
	url          = {https://ems.press/doi/10.4171/022-3/18},
	archiveprefix = {arXiv},
	arxivid      = {1608.06576},
	eprint       = {1608.06576}
}
@incollection{Cattaneo2006a,
	title        = {{Graded Poisson Algebras}},
	author       = {Cattaneo, A.S. and Fiorenza, D. and Longoni, R.},
	year         = 2006,
	booktitle    = {Encyclopedia of Mathematical Physics},
	publisher    = {Elsevier},
	number       = 200020,
	pages        = {560--567},
	doi          = {10.1016/B0-12-512666-2/00434-X},
	isbn         = 9780125126601,
	url          = {https://linkinghub.elsevier.com/retrieve/pii/B012512666200434X},
	archiveprefix = {arXiv},
	arxivid      = {1811.07395},
	eprint       = {1811.07395}
}
@phdthesis{Schatz2009,
	title        = {{Coisotropic submanifolds and the BFV-complex}},
	author       = {Schatz, Florian},
	year         = 2009,
	doi          = {10.5167/uzh-30756},
	school       = {Zurich}
}
@article{Getzler1991,
	title        = {{Higher derived brackets}},
	author       = {Getzler, Ezra},
	year         = 2010,
	month        = {oct},
	url          = {https://arxiv.org/pdf/1010.5859.pdf},
	archiveprefix = {arXiv},
	arxivid      = {1010.5859},
	eprint       = {1010.5859}
}
@article{Miti2021b,
	title        = {{Observables on multisymplectic manifolds and higher Courant algebroids}},
	author       = {Miti, Antonio Michele and Zambon, Marco},
	year         = 2022,
	month        = {sep},
	pages        = {1--48},
	url          = {http://arxiv.org/abs/2209.05836},
	archiveprefix = {arXiv},
	arxivid      = {2209.05836},
	eprint       = {2209.05836}
}
@article{Cueca2021,
	title        = {{The geometry of graded cotangent bundles}},
	author       = {Cueca, Miquel},
	year         = 2021,
	journal      = {Journal of Geometry and Physics},
	publisher    = {Elsevier B.V.},
	volume       = 161,
	pages        = 104055,
	doi          = {10.1016/j.geomphys.2020.104055},
	issn         = {03930440},
	url          = {https://doi.org/10.1016/j.geomphys.2020.104055},
	archiveprefix = {arXiv},
	arxivid      = {1905.13245},
	eprint       = {1905.13245},
}
